@article{hackmann2020patient,
  title={Patient Versus Provider Incentives in Long-Term Care},
  author={Hackmann, Martin B and Pohl, R Vincent and Ziebarth, Nicolas R},
  year={2020}
}

@article{eliason2018strategic,
	title={Strategic patient discharge: The case of long-term care hospitals},
	author={Eliason, Paul J and Grieco, Paul LE and McDevitt, Ryan C and Roberts, James W},
	journal={American Economic Review},
	volume={108},
	number={11},
	pages={3232--65},
	year={2018}
}

@article{einav2018provider,
	title={Provider incentives and healthcare costs: Evidence from long-term care hospitals},
	author={Einav, Liran and Finkelstein, Amy and Mahoney, Neale},
	journal={Econometrica},
	volume={86},
	number={6},
	pages={2161--2219},
	year={2018},
	publisher={Wiley Online Library}
}

@techreport{einav2018long,
	title={Long-term care hospitals: A case study in waste},
	author={Einav, Liran and Finkelstein, Amy and Mahoney, Neale},
	year={2018},
	institution={National Bureau of Economic Research}
}

@article{hackmann2019incentivizing,
	title={Incentivizing better quality of care: The role of Medicaid and competition in the nursing home industry},
	author={Hackmann, Martin B},
	journal={American Economic Review},
	volume={109},
	number={5},
	pages={1684--1716},
	year={2019}
}

@techreport{friedrich2017returns,
	title={The returns to nursing: Evidence from a parental leave program},
	author={Friedrich, Benjamin U and Hackmann, Martin B},
	year={2017},
	institution={National Bureau of Economic Research}
}